@article{howmanyplants,
	author = "Christenhusz M. and Byng W. J",
	title = "The number of known plant species in the world and its annual increase",
	journal = "researchgate.net",
	year = "2016",
    howpublished = "\url{https://www.researchgate.net/publication/303371386_The_number_of_known_plant_species_in_the_world_and_its_annual_increase}",
    note = "[Online; dostÄ™p 19 czerwca 2022]"
}

@phdthesis{test2,
	author = "C D",
	title = "Title2",
	school = "School1",
	year = "1997",
}

@book{beautyofplants,
	author = "Prusinkiewicz P. and Lindenmayer A.", 
	title = "The Algorithmic Beauty of Plants", 
	publisher = "Springer-Verlag, New York", 
	year = "1990"
}

@book{cppRef,
    author = "Herbert Schildt",
	title= "C++ The Complete Reference Third Edition.",
	publisher = "Osborne McGraw-Hill",
	year= "1998" 
}

@article{test4,
	author = "G H",
	title = "Title4",
	journal = "Journal2",
	year = "2016",
}

@book{test5,
	author = "I J", 
	title = "Title5", 
	publisher = "Publisher2", 
	year = "2002"
}